<record><leader>00000cas a22000007a 4500</leader><controlfield tag="001">20501346</controlfield><controlfield tag="008">891017c19899999vauwr ne      0   a0eng c</controlfield><datafield ind1=" " ind2=" " tag="010"><subfield code="a">sn 89003273 </subfield></datafield><datafield ind1=" " ind2=" " tag="040"><subfield code="a">NSD</subfield><subfield code="b">eng</subfield><subfield code="c">NSD</subfield><subfield code="d">OCLCQ</subfield><subfield code="d">VPW</subfield><subfield code="d">OCLCF</subfield><subfield code="d">OCLCO</subfield></datafield><datafield ind1=" " ind2=" " tag="012"><subfield code="k">1</subfield><subfield code="l">1</subfield><subfield code="m">1</subfield></datafield><datafield ind1="1" ind2=" " tag="022"><subfield code="a">1046-736X</subfield><subfield code="l">1046-736X</subfield><subfield code="2">1</subfield></datafield><datafield ind1="1" ind2=" " tag="029"><subfield code="a">AU@</subfield><subfield code="b">000025794131</subfield></datafield><datafield ind1=" " ind2=" " tag="032"><subfield code="a">005355</subfield><subfield code="b">USPS</subfield></datafield><datafield ind1=" " ind2=" " tag="037"><subfield code="b">Journal Newspapers, Inc., 7517 Presidential Lane, Manassas VA 22110</subfield></datafield><datafield ind1=" " ind2=" " tag="042"><subfield code="a">nsdp</subfield><subfield code="a">pcc</subfield></datafield><datafield ind1=" " ind2="4" tag="222"><subfield code="a">The Prince William/Potomac journal</subfield></datafield><datafield ind1="0" ind2="4" tag="245"><subfield code="a">The Prince William/Potomac journal.</subfield></datafield><datafield ind1="1" ind2="0" tag="246"><subfield code="a">Prince William, Potomac journal</subfield></datafield><datafield ind1="1" ind2="7" tag="246"><subfield code="a">Prince William journal/Potomac</subfield></datafield><datafield ind1=" " ind2=" " tag="260"><subfield code="a">Manassas, VA :</subfield><subfield code="b">Journal Newspapers,</subfield><subfield code="c">c1989-</subfield></datafield><datafield ind1=" " ind2=" " tag="300"><subfield code="a">v.</subfield></datafield><datafield ind1=" " ind2=" " tag="310"><subfield code="a">Weekly,</subfield><subfield code="b">&lt;Nov. 8-9, 1989-&gt;</subfield></datafield><datafield ind1=" " ind2=" " tag="321"><subfield code="a">Weekly (except the last week of each year),</subfield><subfield code="b">1989-</subfield></datafield><datafield ind1="0" ind2=" " tag="362"><subfield code="a">Vol. 1, no. 1 (Sept. 13-14, 1989)-</subfield></datafield><datafield ind1=" " ind2=" " tag="500"><subfield code="a">Issues called Potomac ed. only as a means of indicating the geographic community served.</subfield></datafield><datafield ind1=" " ind2="0" tag="650"><subfield code="a">Newspapers.</subfield></datafield><datafield ind1=" " ind2="0" tag="650"><subfield code="a">Newspapers on microfilm.</subfield></datafield><datafield ind1=" " ind2="7" tag="650"><subfield code="a">Newspapers.</subfield><subfield code="2">fast</subfield><subfield code="0">(OCoLC)fst01037111</subfield></datafield><datafield ind1=" " ind2="7" tag="650"><subfield code="a">Newspapers on microfilm.</subfield><subfield code="2">fast</subfield><subfield code="0">(OCoLC)fst01037188</subfield></datafield><datafield ind1=" " ind2=" " tag="752"><subfield code="a">United States</subfield><subfield code="b">Virginia</subfield><subfield code="c">Prince William</subfield><subfield code="d">Manassas.</subfield></datafield><datafield ind1=" " ind2=" " tag="752"><subfield code="a">United States</subfield><subfield code="b">Virginia</subfield><subfield code="c">Prince William</subfield><subfield code="d">Dale City.</subfield></datafield><datafield ind1=" " ind2=" " tag="752"><subfield code="a">United States</subfield><subfield code="b">Virginia</subfield><subfield code="c">Prince William</subfield><subfield code="d">Dumfries.</subfield></datafield><datafield ind1=" " ind2=" " tag="752"><subfield code="a">United States</subfield><subfield code="b">Virginia</subfield><subfield code="c">Prince William</subfield><subfield code="d">Lake Ridge.</subfield></datafield><datafield ind1=" " ind2=" " tag="752"><subfield code="a">United States</subfield><subfield code="b">Virginia</subfield><subfield code="c">Prince William</subfield><subfield code="d">Montclaire.</subfield></datafield><datafield ind1=" " ind2=" " tag="752"><subfield code="a">United States</subfield><subfield code="b">Virginia</subfield><subfield code="c">Prince William</subfield><subfield code="d">North Stafford.</subfield></datafield><datafield ind1=" " ind2=" " tag="752"><subfield code="a">United States</subfield><subfield code="b">Virginia</subfield><subfield code="c">Prince William</subfield><subfield code="d">Occoquan.</subfield></datafield><datafield ind1=" " ind2=" " tag="752"><subfield code="a">United States</subfield><subfield code="b">Virginia</subfield><subfield code="c">Prince William</subfield><subfield code="d">Quantico.</subfield></datafield><datafield ind1=" " ind2=" " tag="752"><subfield code="a">United States</subfield><subfield code="b">Virginia</subfield><subfield code="c">Prince William</subfield><subfield code="d">Triangle.</subfield></datafield><datafield ind1=" " ind2=" " tag="752"><subfield code="a">United States</subfield><subfield code="b">Virginia</subfield><subfield code="c">Prince William</subfield><subfield code="d">Woodbridge.</subfield></datafield><datafield ind1=" " ind2=" " tag="936"><subfield code="a">Vol. 1, no. 8 (Nov. 8-9, 1989) LIC</subfield></datafield></record>